<record><leader>00000cas a22000007a 4500</leader><controlfield tag="001">19414390</controlfield><controlfield tag="008">890322d184218uupauwr ne      0    0eng d</controlfield><datafield ind1=" " ind2=" " tag="010"><subfield code="a">sn 89077200 </subfield></datafield><datafield ind1=" " ind2=" " tag="040"><subfield code="a">NPH</subfield><subfield code="b">eng</subfield><subfield code="c">NPH</subfield><subfield code="d">OCLCQ</subfield></datafield><datafield ind1=" " ind2=" " tag="042"><subfield code="a">msc</subfield></datafield><datafield ind1="0" ind2=" " tag="130"><subfield code="a">Washingtonian (Marietta, Pa.)</subfield></datafield><datafield ind1="1" ind2="0" tag="245"><subfield code="a">Washingtonian.</subfield></datafield><datafield ind1=" " ind2=" " tag="260"><subfield code="a">Marietta, Pa. :</subfield><subfield code="b">I. Goodman,</subfield><subfield code="c">1842-</subfield></datafield><datafield ind1=" " ind2=" " tag="300"><subfield code="a">v. ;</subfield><subfield code="c">45 cm.</subfield></datafield><datafield ind1=" " ind2=" " tag="310"><subfield code="a">Weekly</subfield></datafield><datafield ind1="0" ind2=" " tag="362"><subfield code="a">Vol. 2, no. 27 (Feb. 1, 1842)-</subfield></datafield><datafield ind1="2" ind2=" " tag="710"><subfield code="a">Washingtonian Temperance Society of Marietta.</subfield></datafield><datafield ind1=" " ind2=" " tag="752"><subfield code="a">United States</subfield><subfield code="b">Pennsylvania</subfield><subfield code="c">Lancaster</subfield><subfield code="d">Marietta.</subfield></datafield><datafield ind1="0" ind2="0" tag="780"><subfield code="t">Marietta orb, and farmers' and mechanics' journal</subfield><subfield code="w">(DLC)sn 89077139</subfield></datafield><datafield ind1="1" ind2=" " tag="029"><subfield code="a">AU@</subfield><subfield code="b">000025879083</subfield></datafield></record>